<record><leader>00000cas a2200000 a 4500</leader><controlfield tag="001">33956507</controlfield><controlfield tag="008">951222c19839999miudr n       0    0eng c</controlfield><datafield ind1=" " ind2=" " tag="010"><subfield code="a">sn 96076599 </subfield></datafield><datafield ind1=" " ind2=" " tag="040"><subfield code="a">GMI</subfield><subfield code="b">eng</subfield><subfield code="c">GMI</subfield><subfield code="d">MHN</subfield><subfield code="d">OCL</subfield><subfield code="d">OCLCQ</subfield><subfield code="d">OCLCF</subfield><subfield code="d">OCLCO</subfield></datafield><datafield ind1="1" ind2=" " tag="029"><subfield code="a">AU@</subfield><subfield code="b">000012500885</subfield></datafield><datafield ind1=" " ind2=" " tag="042"><subfield code="a">pcc</subfield></datafield><datafield ind1=" " ind2=" " tag="043"><subfield code="a">n-us-mi</subfield></datafield><datafield ind1="0" ind2=" " tag="130"><subfield code="a">Battle Creek enquirer (Battle Creek, Mich. : 1983)</subfield></datafield><datafield ind1="1" ind2="0" tag="245"><subfield code="a">Battle Creek enquirer.</subfield></datafield><datafield ind1=" " ind2=" " tag="260"><subfield code="a">Battle Creek, Mich. :</subfield><subfield code="b">Federated Publications</subfield></datafield><datafield ind1=" " ind2=" " tag="300"><subfield code="a">v. :</subfield><subfield code="b">ill. ;</subfield><subfield code="c">57 cm.</subfield></datafield><datafield ind1="0" ind2=" " tag="362"><subfield code="a">Vol. 83, issue 229 (Mar. 6, 1983)-</subfield></datafield><datafield ind1=" " ind2="0" tag="651"><subfield code="a">Battle Creek (Mich.)</subfield><subfield code="v">Newspapers.</subfield></datafield><datafield ind1=" " ind2="0" tag="651"><subfield code="a">Calhoun County (Mich.)</subfield><subfield code="v">Newspapers.</subfield></datafield><datafield ind1=" " ind2="7" tag="655"><subfield code="a">Newspapers.</subfield><subfield code="2">fast</subfield><subfield code="0">(OCoLC)fst01423814</subfield></datafield><datafield ind1=" " ind2="7" tag="651"><subfield code="a">Michigan</subfield><subfield code="z">Battle Creek.</subfield><subfield code="2">fast</subfield><subfield code="0">(OCoLC)fst01218610</subfield></datafield><datafield ind1=" " ind2="7" tag="651"><subfield code="a">Michigan</subfield><subfield code="z">Calhoun County.</subfield><subfield code="2">fast</subfield><subfield code="0">(OCoLC)fst01214761</subfield></datafield><datafield ind1=" " ind2=" " tag="752"><subfield code="a">United States</subfield><subfield code="b">Michigan</subfield><subfield code="c">Calhoun</subfield><subfield code="d">Battle Creek.</subfield></datafield><datafield ind1="0" ind2="0" tag="780"><subfield code="t">Enquirer and news</subfield><subfield code="w">(DLC)sn 96076598</subfield><subfield code="w">(OCoLC)34706355</subfield></datafield></record>